<record><leader>00000cas a22000007a 4500</leader><controlfield tag="001">14281659</controlfield><controlfield tag="008">860930d19231923paudn ne      0    0eng d</controlfield><datafield ind1=" " ind2=" " tag="010"><subfield code="a">sn 87078096 </subfield></datafield><datafield ind1=" " ind2=" " tag="040"><subfield code="a">NPH</subfield><subfield code="b">eng</subfield><subfield code="c">NPH</subfield><subfield code="d">OCLCQ</subfield></datafield><datafield ind1=" " ind2=" " tag="042"><subfield code="a">msc</subfield></datafield><datafield ind1="0" ind2="0" tag="245"><subfield code="a">Lancaster new era and examiner.</subfield></datafield><datafield ind1="1" ind2="7" tag="246"><subfield code="a">Lancaster new era</subfield></datafield><datafield ind1=" " ind2=" " tag="260"><subfield code="a">Lancaster, Pa. :</subfield><subfield code="b">New Era Pub. Corp.,</subfield><subfield code="c">1923.</subfield></datafield><datafield ind1=" " ind2=" " tag="300"><subfield code="a">v. :</subfield><subfield code="b">ill.</subfield></datafield><datafield ind1=" " ind2=" " tag="310"><subfield code="a">Daily (except Sun.)</subfield></datafield><datafield ind1="0" ind2=" " tag="362"><subfield code="a">Mar. 12, 1923-Aug. 29, 1923.</subfield></datafield><datafield ind1=" " ind2=" " tag="752"><subfield code="a">United States</subfield><subfield code="b">Pennsylvania</subfield><subfield code="c">Lancaster</subfield><subfield code="d">Lancaster.</subfield></datafield><datafield ind1="0" ind2="0" tag="780"><subfield code="t">Examiner-new era (Lancaster, Pa. : Daily)</subfield><subfield code="w">(DLC)sn 87078080</subfield></datafield><datafield ind1="0" ind2="0" tag="785"><subfield code="t">Lancaster new era</subfield><subfield code="w">(DLC)sn 83045277</subfield></datafield></record>